@article{renscen,
  author =       "Yize Chen and Yishen Wang and Daniel Kirschen and Baosen Zhang",
  title =        "Model-Free Renewable Scenario Generation Using Generative Adversarial Networks",
  journal =      "IEEE Transactions on Power Systems",
  volume =       "33",
  number =       "3",
  year =         "2018",
  DOI =          "10.1109/TPWRS.2018.2794541"
}

@book{jebara,
    author    = "Tony Jebara",
    title     = " MACHINE LEARNING: Discriminative and Generative",
    year      = "2004",
    publisher = "Kluwer Academic Publishers"
}
